%YAML 1.1
%TAG !u! tag:unity3d.com,2011:
--- !u!1 &5395388969776084828
GameObject:
  m_ObjectHideFlags: 0
  m_CorrespondingSourceObject: {fileID: 0}
  m_PrefabInstance: {fileID: 0}
  m_PrefabAsset: {fileID: 0}
  serializedVersion: 6
  m_Component:
  - component: {fileID: 5395388969776084803}
  m_Layer: 0
  m_Name: Target B
  m_TagString: Untagged
  m_Icon: {fileID: 7866945982896999795, guid: 0000000000000000d000000000000000, type: 0}
  m_NavMeshLayer: 0
  m_StaticEditorFlags: 0
  m_IsActive: 1
--- !u!4 &5395388969776084803
Transform:
  m_ObjectHideFlags: 0
  m_CorrespondingSourceObject: {fileID: 0}
  m_PrefabInstance: {fileID: 0}
  m_PrefabAsset: {fileID: 0}
  m_GameObject: {fileID: 5395388969776084828}
  m_LocalRotation: {x: -0, y: -0, z: -0, w: 1}
  m_LocalPosition: {x: 0, y: 0, z: 0}
  m_LocalScale: {x: 1, y: 1, z: 1}
  m_Children: []
  m_Father: {fileID: 5395388969899122848}
  m_RootOrder: 2
  m_LocalEulerAnglesHint: {x: 0, y: 0, z: 0}
--- !u!1 &5395388969899122849
GameObject:
  m_ObjectHideFlags: 0
  m_CorrespondingSourceObject: {fileID: 0}
  m_PrefabInstance: {fileID: 0}
  m_PrefabAsset: {fileID: 0}
  serializedVersion: 6
  m_Component:
  - component: {fileID: 5395388969899122848}
  m_Layer: 0
  m_Name: SawManager
  m_TagString: Untagged
  m_Icon: {fileID: 0}
  m_NavMeshLayer: 0
  m_StaticEditorFlags: 0
  m_IsActive: 1
--- !u!4 &5395388969899122848
Transform:
  m_ObjectHideFlags: 0
  m_CorrespondingSourceObject: {fileID: 0}
  m_PrefabInstance: {fileID: 0}
  m_PrefabAsset: {fileID: 0}
  m_GameObject: {fileID: 5395388969899122849}
  m_LocalRotation: {x: 0, y: 0, z: 0, w: 1}
  m_LocalPosition: {x: 0, y: 0, z: 0}
  m_LocalScale: {x: 1, y: 1, z: 1}
  m_Children:
  - {fileID: 1364464205738695649}
  - {fileID: 5395388971389378046}
  - {fileID: 5395388969776084803}
  m_Father: {fileID: 0}
  m_RootOrder: 0
  m_LocalEulerAnglesHint: {x: 0, y: 0, z: 0}
--- !u!1 &5395388971389378047
GameObject:
  m_ObjectHideFlags: 0
  m_CorrespondingSourceObject: {fileID: 0}
  m_PrefabInstance: {fileID: 0}
  m_PrefabAsset: {fileID: 0}
  serializedVersion: 6
  m_Component:
  - component: {fileID: 5395388971389378046}
  m_Layer: 0
  m_Name: Target A
  m_TagString: Untagged
  m_Icon: {fileID: 7866945982896999795, guid: 0000000000000000d000000000000000, type: 0}
  m_NavMeshLayer: 0
  m_StaticEditorFlags: 0
  m_IsActive: 1
--- !u!4 &5395388971389378046
Transform:
  m_ObjectHideFlags: 0
  m_CorrespondingSourceObject: {fileID: 0}
  m_PrefabInstance: {fileID: 0}
  m_PrefabAsset: {fileID: 0}
  m_GameObject: {fileID: 5395388971389378047}
  m_LocalRotation: {x: -0, y: -0, z: -0, w: 1}
  m_LocalPosition: {x: 0, y: 0, z: 0}
  m_LocalScale: {x: 1, y: 1, z: 1}
  m_Children: []
  m_Father: {fileID: 5395388969899122848}
  m_RootOrder: 1
  m_LocalEulerAnglesHint: {x: 0, y: 0, z: 0}
--- !u!1001 &5395388969831390377
PrefabInstance:
  m_ObjectHideFlags: 0
  serializedVersion: 2
  m_Modification:
    m_TransformParent: {fileID: 5395388969899122848}
    m_Modifications:
    - target: {fileID: 6345511787702912842, guid: d95710e03066c1a46ab3a346f6542d6b,
        type: 3}
      propertyPath: m_Name
      value: Saw
      objectReference: {fileID: 0}
    - target: {fileID: 6345511787702912840, guid: d95710e03066c1a46ab3a346f6542d6b,
        type: 3}
      propertyPath: m_LocalPosition.x
      value: 0
      objectReference: {fileID: 0}
    - target: {fileID: 6345511787702912840, guid: d95710e03066c1a46ab3a346f6542d6b,
        type: 3}
      propertyPath: m_LocalPosition.y
      value: 0
      objectReference: {fileID: 0}
    - target: {fileID: 6345511787702912840, guid: d95710e03066c1a46ab3a346f6542d6b,
        type: 3}
      propertyPath: m_LocalPosition.z
      value: 0
      objectReference: {fileID: 0}
    - target: {fileID: 6345511787702912840, guid: d95710e03066c1a46ab3a346f6542d6b,
        type: 3}
      propertyPath: m_LocalRotation.x
      value: -0
      objectReference: {fileID: 0}
    - target: {fileID: 6345511787702912840, guid: d95710e03066c1a46ab3a346f6542d6b,
        type: 3}
      propertyPath: m_LocalRotation.y
      value: -0
      objectReference: {fileID: 0}
    - target: {fileID: 6345511787702912840, guid: d95710e03066c1a46ab3a346f6542d6b,
        type: 3}
      propertyPath: m_LocalRotation.z
      value: -0
      objectReference: {fileID: 0}
    - target: {fileID: 6345511787702912840, guid: d95710e03066c1a46ab3a346f6542d6b,
        type: 3}
      propertyPath: m_LocalRotation.w
      value: 1
      objectReference: {fileID: 0}
    - target: {fileID: 6345511787702912840, guid: d95710e03066c1a46ab3a346f6542d6b,
        type: 3}
      propertyPath: m_RootOrder
      value: 0
      objectReference: {fileID: 0}
    - target: {fileID: 6345511787702912840, guid: d95710e03066c1a46ab3a346f6542d6b,
        type: 3}
      propertyPath: m_LocalEulerAnglesHint.x
      value: 0
      objectReference: {fileID: 0}
    - target: {fileID: 6345511787702912840, guid: d95710e03066c1a46ab3a346f6542d6b,
        type: 3}
      propertyPath: m_LocalEulerAnglesHint.y
      value: 0
      objectReference: {fileID: 0}
    - target: {fileID: 6345511787702912840, guid: d95710e03066c1a46ab3a346f6542d6b,
        type: 3}
      propertyPath: m_LocalEulerAnglesHint.z
      value: 0
      objectReference: {fileID: 0}
    - target: {fileID: 6345511787702912841, guid: d95710e03066c1a46ab3a346f6542d6b,
        type: 3}
      propertyPath: m_Sprite
      value: 
      objectReference: {fileID: 21300000, guid: f4fe95b73216ae64ab1861dbb5aca31f,
        type: 3}
    - target: {fileID: 6345511787702912841, guid: d95710e03066c1a46ab3a346f6542d6b,
        type: 3}
      propertyPath: m_Color.g
      value: 1
      objectReference: {fileID: 0}
    - target: {fileID: 6345511787702912841, guid: d95710e03066c1a46ab3a346f6542d6b,
        type: 3}
      propertyPath: m_Color.b
      value: 1
      objectReference: {fileID: 0}
    - target: {fileID: 6345511787702912841, guid: d95710e03066c1a46ab3a346f6542d6b,
        type: 3}
      propertyPath: m_Color.r
      value: 1
      objectReference: {fileID: 0}
    - target: {fileID: 6345511787702912839, guid: d95710e03066c1a46ab3a346f6542d6b,
        type: 3}
      propertyPath: targets.Array.size
      value: 2
      objectReference: {fileID: 0}
    - target: {fileID: 6345511787702912839, guid: d95710e03066c1a46ab3a346f6542d6b,
        type: 3}
      propertyPath: target.Array.size
      value: 2
      objectReference: {fileID: 0}
    - target: {fileID: 6345511787702912839, guid: d95710e03066c1a46ab3a346f6542d6b,
        type: 3}
      propertyPath: sawState
      value: 0
      objectReference: {fileID: 0}
    - target: {fileID: 6345511787702912839, guid: d95710e03066c1a46ab3a346f6542d6b,
        type: 3}
      propertyPath: targets.Array.data[0]
      value: 
      objectReference: {fileID: 5395388971389378046}
    - target: {fileID: 6345511787702912839, guid: d95710e03066c1a46ab3a346f6542d6b,
        type: 3}
      propertyPath: targets.Array.data[1]
      value: 
      objectReference: {fileID: 5395388969776084803}
    - target: {fileID: 6345511787702912839, guid: d95710e03066c1a46ab3a346f6542d6b,
        type: 3}
      propertyPath: target.Array.data[0]
      value: 
      objectReference: {fileID: 5395388971389378046}
    - target: {fileID: 6345511787702912839, guid: d95710e03066c1a46ab3a346f6542d6b,
        type: 3}
      propertyPath: target.Array.data[1]
      value: 
      objectReference: {fileID: 5395388969776084803}
    - target: {fileID: 1495993222, guid: d95710e03066c1a46ab3a346f6542d6b, type: 3}
      propertyPath: m_Radius
      value: 2.078125
      objectReference: {fileID: 0}
    m_RemovedComponents: []
  m_SourcePrefab: {fileID: 100100000, guid: d95710e03066c1a46ab3a346f6542d6b, type: 3}
--- !u!4 &1364464205738695649 stripped
Transform:
  m_CorrespondingSourceObject: {fileID: 6345511787702912840, guid: d95710e03066c1a46ab3a346f6542d6b,
    type: 3}
  m_PrefabInstance: {fileID: 5395388969831390377}
  m_PrefabAsset: {fileID: 0}
